% Encoding: windows-1252
@Inbook{Misgeld2016,
author="Misgeld, Berno J. E.",
editor="Leonhardt, Steffen
and Walter, Marian",
title="Grundlagen der Modellbildung",
bookTitle="Medizintechnische Systeme: Physiologische Grundlagen, Ger{\"a}tetechnik und automatisierte Therapief{\"u}hrung",
year="2016",
publisher="Springer Berlin Heidelberg",
address="Berlin, Heidelberg",
pages="39--73",

isbn="978-3-642-41239-4",
doi="10.1007/978-3-642-41239-4_3"
}

@article{Sputnik1,
  title={Ventricular assist device Sputnik: Description, technical features and characteristics},
  author={Selishchev, Sergey and Telyshev, Dmitry},
  journal={Trends in Biomaterials and Artificial Organs},
  volume={29},
  number={3},
  pages={207--210},
  year={2015}
}

@inbook{VAD1,
author="Leonhardt, Steffen
and Walter, Marian",
editor="Schwandtner, Sebastian
and Nix, Christoph",
chapter="Herzunterst{\"u}tzungssysteme",
title="Medizintechnische Systeme: Physiologische Grundlagen, Ger{\"a}tetechnik und automatisierte Therapief{\"u}hrung",
year="2016",
publisher="Springer Berlin Heidelberg",
address="Berlin, Heidelberg",
pages="107--144",
isbn="978-3-642-41239-4",
doi="10.1007/978-3-642-41239-4_5"
}

@article{VAD2,
	Author = {Sch{\"u}ller,Annika},
	Journal = {intensiv},
	Number = {03},
	Pages = {138-147},
	Title = {Das Kunstherz --  M{\"o}glichkeiten der mechanischen Kreislaufunterst{\"u}tzung (VAD)},
	Volume = {18},
	Year = {2010}
  }

  @article{VAD3,
  title={Chronische Therapie durch linksventrikul{\"a}re Unterst{\"u}tzungssysteme bei terminaler Herzinsuffizienz},
  author={Meyer, Anna L and Str{\"u}ber, Martin},
  journal={Herz Kardiovaskul{\"a}re Erkrankungen},
  volume={34},
  number={2},
  pages={148--153},
  year={2009},
  publisher={Springer}
}

@article{VAD4,
	Author = {Grabellus, F. and Schmid, C. and Levkau, B. and Stypmann, J. and Scheld, H. and Baba, Hideo A.},
	Journal = {Der Pathologe},
	Number = {2},
	Pages = {83--90},
	Title = {Myokardiale Ver{\"a}nderungen unter mechanischer linksventrikul{\"a}rer Unterst{\"u}tzungstherapie},
	Volume = {24},
	Year = {2003}
  }

  @article{VAD5,
    title={Perkutane und chirurgische Optionen der mechanischen Kreislaufunterst{\"u}tzung in der Therapie der terminalen Herzinsuffizienz},
    author={Eifert, S},
    journal={Der Anaesthesist},
    volume={67},
    number={5},
    pages={321--325},
    year={2018},
    publisher={Springer}
  }

  @article{VAD6,
  title={Fortschritte bei implantierbaren mechanischen Kreislaufunterst{\"u}zungssystemen},
  author={Krabatsch, T and Schweiger, M and Stepanenko, A and Drews, T and Potapov, E and Pasic, M and Weng, Y and Huebler, M and Hetzer, R},
  journal={Herz},
  volume={36},
  number={7},
  pages={622},
  year={2011},
  publisher={Springer}
}

@article{VAD7,
  title={Indikationsstellung und Therapieziele der mechanischen Kreislaufunterst{\"u}tzung},
  author={Dashkevich, A and Michel, S and Hagl, C},
  journal={Medizinische Klinik-Intensivmedizin und Notfallmedizin},
  volume={114},
  number={5},
  pages={452--458},
  year={2019},
  publisher={Springer}
}

@article{VAD8,
	Author = {Kirklin, James K. and Pagani, Francis D. and Kormos, Robert L. and Stevenson, Lynne W. and Blume, Elizabeth D. and Myers, Susan L. and Miller, Marissa A. and Baldwin, J. Timothy and Young, James B. and Naftel, David C.},
	Journal = {The Journal of Heart and Lung Transplantation},
	Month = {2020/08/05},
	Number = {10},
	Pages = {1080--1086},
	Title = {Eighth annual INTERMACS report: Special focus on framing the impact of adverse events},
	Volume = {36},
	Year = {2017}}

@article{VAD9,
  title = "Prolonged assisted circulation during and after cardiac or aortic surgery: Prolonged partial left ventricular bypass by means of intracorporeal circulation",
  journal = "The American Journal of Cardiology",
  volume = "12",
  number = "3",
  pages = "399 - 405",
  year = "1963",
  note = "Symposium on Cardiovascular-Pulmonary Problems Before and After Surgery Part I",
  issn = "0002-9149",
  author = "Domingo Liotta and C.William Hall and Walter S. Henly and Denton A. Cooley and E.Stanley Crawford and Michael E. DeBakey",
  }

@article{VAD10,
	Author = {Sponga, Sandro and Benedetti, Giovanni and Livi, Ugolino},
	Journal = {Annals of cardiothoracic surgery},
	Month = {01},
	Number = {1},
	Pages = {143--150},
	Title = {Short-term mechanical circulatory support as bridge to heart transplantation: paracorporeal ventricular assist device as alternative to extracorporeal life support},
	Volume = {8},
	Year = {2019}}


@article{VAD11,
	Author = {Shehab, Sajad and Hayward, Christopher S},
	Journal = {Cardiac failure review},
	Month = {02},
	Number = {1},
	Pages = {19--23},
	Title = {Choosing Between Left Ventricular Assist Devices and Biventricular Assist Devices},
	Volume = {5},
	Year = {2019}}

@Misc{WHO,
    Title                    = {Cardiovascular diseases (CVDs)},
    Author                   = {{World Health Organization}},
    HowPublished             = {\url{https://www.who.int/news-room/fact-sheets/detail/cardiovascular-diseases-(cvds)}},
    Year                     = {Zuletzt besucht am 06.08.2020}
  }

  @book{GH20,
    title={Guyton and Hall Textbook of Medical Physiology, Jordanian Edition E-Book},
    author={Hall, John E},
    year={2016},
    publisher={Elsevier}
  }

  @book{HKS4,
  title={Physiologie des Menschen mit Pathophysiologie},
  author={Schmidt, Robert F and Lang, Florian and Heckmann, Manfred},
  year={2011},
  publisher={Springer-Verlag}
}

@article{Sputnik6,
author = {Selishchev, Sergey and Telyshev, Dmitry},
year = {2016},
month = {09},
pages = {},
title = {Optimisation of the Sputnik-VAD design},
volume = {39},
journal = {The International journal of artificial organs},
doi = {10.5301/ijao.5000518}
}

@book{HKS7,
  title={Anatomie: Histologie, Entwicklungsgeschichte, makroskopische und mikroskopische Anatomie, Topographie},
  author={Schiebler, Theodor H and Korf, Horst-W},
  year={2007},
  publisher={Springer-Verlag}
}

@book{Reg_17,
author="Zacher, Serge
and Reuter, Manfred",
title="Regelungstechnik f{\"u}r Ingenieure: Analyse, Simulation und Entwurf von Regelkreisen",
year="2017",
publisher="Springer Fachmedien Wiesbaden",
address="Wiesbaden",
isbn="978-3-658-17632-7",
doi="10.1007/978-3-658-17632-7_3",
url="https://doi.org/10.1007/978-3-658-17632-7_3"
}

@article{HKS_pv,
    author = {Katz, Arnold M. and Rolett, Ellis L.},
    title = "{Heart failure: when form fails to follow function}",
    journal = {European Heart Journal},
    volume = {37},
    number = {5},
    pages = {449-454},
    year = {2015},
    month = {10},
    issn = {0195-668X},
    doi = {10.1093/eurheartj/ehv548},
    url = {https://doi.org/10.1093/eurheartj/ehv548},
    eprint = {https://academic.oup.com/eurheartj/article-pdf/37/5/449/7469882/ehv548.pdf},
}

@book{Reg_10,
author="Lunze, Jan",
bookTitle="Regelungstechnik 1: Systemtheoretische Grundlagen, Analyse und Entwurf einschleifiger Regelungen",
year="2010",
publisher="Springer Berlin Heidelberg",
address="Berlin, Heidelberg",
isbn="978-3-642-13808-9",
doi="10.1007/978-3-642-13808-9_1",
url="https://doi.org/10.1007/978-3-642-13808-9_1"
}

@InProceedings{Reg_11,
author="Arora, Ashish
and Hote, Yogesh V.
and Rastogi, Mahima",
editor="Balasubramaniam, P.",
title="Design of PID Controller for Unstable System",
booktitle="Control, Computation and Information Systems",
year="2011",
publisher="Springer Berlin Heidelberg",
address="Berlin, Heidelberg",
pages="19--26",
abstract="This paper describes the design of a PID Controller for an unstable electronic circuit using various tuning techniques like Ziegler Nichols (Z-N), Chien Hrones Reswick (CHR), and Genetic Algorithm (GA). Further, comparison of various performance parameters for these techniques has been done. The results are verified in MATLAB environment.",
isbn="978-3-642-19263-0"
}

@article{ILC2,
author = {Bristow, D.A. and Tharayil, M and Alleyne, A.G.},
year = {2006},
month = {07},
pages = {96 - 114},
title = {A survey of iterative learning},
volume = {26},
journal = {Control Systems, IEEE},
doi = {10.1109/MCS.2006.1636313}
}
